@MISC{Diffie76newdirections,
    author = {Whitfield Diffie and Martin E. Hellman},
    title = {{New Directions in Cryptography}},
    year = {1976}
}

@MISC{Geary09analysisof,
    author = {Aaron C. Geary},
    title = {{Analysis of a Man-in-the-Middle Attack on the Diffie-Hellman Key Exchange Protocol}},
    year = {2009}
}

@article{rsa,
 author = {Rivest, R. L. and Shamir, A. and Adleman, L.},
 title = {{A Method for Obtaining Digital Signatures and Public-key Cryptosystems}},
 journal = {Commun. ACM},
 issue_date = {Feb. 1978},
 volume = {21},
 number = {2},
 month = feb,
 year = {1978},
 issn = {0001-0782},
 pages = {120--126},
 numpages = {7},
 url = {http://doi.acm.org/10.1145/359340.359342},
 doi = {10.1145/359340.359342},
 acmid = {359342},
 publisher = {ACM},
 address = {New York, NY, USA},
 keywords = {authentication, cryptography, digital signatures, electronic funds transfer, electronic mail, factorization, message-passing, prime number, privacy, public-key cryptosystems, security},
} 

@MISC{aes,
    author = {Joan Daemen and Joan Daemen and Joan Daemen and Vincent Rijmen and Vincent Rijmen},
    title = {{AES Proposal: Rijndael}},
    year = {1998}
}

@MISC{pgp,
    author = {Category Internet-draft and Jon Callas and Lutz Donnerhacke and Hal Finney and Rodney Thayer},
    title = {{Pretty Good Privacy}},
    year = {1998}
}

@TECHREPORT{hmac,
    author = {H. Krawczyk and M. Bellare and R. Canetti},
    title = {{HMAC: Keyed-Hashing for Message Authentication}},
    institution = {},
    year = {1997}
}

@MISC{sha,
    author = {Shay Gueron and Simon Johnson and Jesse Walker},
    title = {{SHA-512/256}},
    year = {}
}